
%% http://bibdesk.sourceforge.net/


%% Created for Niklas Bölter at 2012-06-10 22:30:57 +0200 


%% Saved with string encoding Unicode (UTF-8) 



@misc{Lissajous,
    Author = {Theodore P. Pavlic},
    Keywords = {Lissajous},
    Title = {Lissajous figures, Lab 1: Introduction to Instrumentation, ECE 209: Circuits and Electronics Laboratory},
    Url = {http://www.tedpavlic.com/teaching/osu/ece209/lab1_intro/lab1_intro_lissajous.pdf},
    Year ={2007-2009},
    Urldate = {2012-10-22}}

@misc{Metramax,
	Author = { {Gossen Metrawatt} },
	Keywords = {Metramax Bedienungsanleitung},
	Title = {METRAmax$^\text{\textregistered}$ 12/14 - Bedienungsanleitung},
	Url = {www.praktikum.physik.uni-goettingen.de/allgemeines/anleitung/downloads/multimeter_metramax12_ba_d.pdf},
	Urldate = {2012-10-03}}

@misc{LP-Spulen,
	Author = {Peter Schaaf and Jörn Große-Knetter},
	Keywords = {Magnetfeld Spulen},
	Title = {LP - Magnetfeld von Spulen},
	Url = {http://lp.uni-goettingen.de/get/text/4087},
	Urldate = {2012-09-20}}

@misc{LP-PohlscherResonator,
	Author = {Peter Schaaf and Jörn Große-Knetter},
	Keywords = {Pohl},
	Title = {LP - Der Pohlsche Resonator},
	Url = {http://lp.uni-goettingen.de/get/text/3548},
	Urldate = {2012-07-04},
	Bdsk-Url-1 = {http://lp.uni-goettingen.de/get/text/3548}}

@misc{LP-Diffusion,
	Author = {Mira Prior and Peter Schaaf},
	Date-Added = {2012-05-09 10:03:00 +0000},
	Date-Modified = {2012-05-09 10:03:00 +0000},
	Keywords = {Diffusion},
	Title = {LP - Diffusion},
	Url = {http://lp.uni-goettingen.de/get/text/3665},
	Urldate = {2012-06-02},
	Bdsk-Url-1 = {http://lp.uni-goettingen.de/get/text/3665}}

@misc{LP-Gasdruck,
	Author = {Mira Prior and Alexander Mann},
	Date-Added = {2012-05-09 10:03:00 +0000},
	Date-Modified = {2012-05-09 10:03:00 +0000},
	Keywords = {Gasthermometer Druck},
	Title = {LP - Gasthermometer},
	Url = {http://lp.uni-goettingen.de/get/text/3643},
	Urldate = {2012-05-09},
	Bdsk-Url-1 = {http://lp.uni-goettingen.de/get/text/3643}}

@misc{LP-SpezWaerme,
	Author = {Mira Prior and Alexander Mann},
	Date-Added = {2012-05-09 10:03:00 +0000},
	Date-Modified = {2012-05-09 10:03:00 +0000},
	Keywords = {Spezifische W{\"a}rme Quecksilberschalter},
	Title = {LP - Spezifische W{\"a}rme von Luft},
	Url = {http://lp.uni-goettingen.de/get/text/3643},
	Urldate = {2012-05-09},
	Bdsk-Url-1 = {http://lp.uni-goettingen.de/get/text/3643}}

@misc{LP-Adiabatenexponent,
	Author = {Peter Schaaf},
	Date-Added = {2012-05-11 17:54:34 +0000},
	Date-Modified = {2012-05-11 17:57:52 +0000},
	Keywords = {Adiabatenexponent},
	Title = {LP - Der Adiabatenexponent},
	Url = {https://lp.uni-goettingen.de/get/text/3639},
	Urldate = {2012-05-11},
	Bdsk-Url-1 = {https://lp.uni-goettingen.de/get/text/3639}}

@misc{LP-Mohrsche-Waage,
	Author = {Mira Prior and Alexander Mann},
	Date-Added = {2012-05-06 09:27:07 +0000},
	Date-Modified = {2012-05-06 16:27:27 +0000},
	Keywords = {Waage Dichte},
	Title = {LP - Mohrsche Waage},
	Url = {http://lp.uni-goettingen.de/get/text/4773},
	Urldate = {2012-05-06},
	Bdsk-Url-1 = {http://lp.uni-goettingen.de/get/text/4773}}

@misc{LP-Praezession,
	Author = {J{\"o}rn Grosse-Knetter and Mira Prior},
	Date-Added = {2012-06-23 14:42:00 +0000},
	Date-Modified = {2012-06-23 14:42:00 +0000},
	Keywords = {Kreisel Präzession},
	Title = {LP - Kreiselpräzession},
	Url = {https://lp.uni-goettingen.de/get/text/3637},
	Urldate = {2012-06-23}}

@misc{LP-Graviwaage,
	Author = {Jörn Grosse-Knetter and Peter Schaaf},
	Date-Added = {2012-07-02 16:42:00 +0000},
	Date-Modified = {2012-07-02 16:42:00 +0000},
	Keywords = {Graviwaage Gravitation Waage Gravitationswaage},
	Title = {LP - Die Gravitationswaage},
	Url = {https://lp.uni-goettingen.de/get/text/3577},
	Urldate = {2012-07-02}}

@misc{LP-Traegheitsmoment,
	Author = {Peter Schaaf and Jörn Grosse-Knetter},
	Date-Added = {2012-07-23 13:44:00 +0000},
	Date-Modified = {2012-07-23 13:44:00 +0000},
	Keywords = {Trägheitsmoment},
	Title = {LP - Das Trägheitsmoment},
	Url = {http://lp.uni-goettingen.de/get/text/3606},
	Urldate = {2012-07-23},
	Bdsk-Url-1 = {http://lp.uni-goettingen.de/get/text/3606}}

@book{Demtroeder-Exp1,
	Author = {Demtröder, Wolfgang},
	Date-Added = {2012-07-23 13:55:00 +0000},
	Date-Modified = {2012-07-23 13:55:00 +0000},
	Edition = {5. Ausgabe},
	Keywords = {Experimentalphysik},
	Publisher = {Springer},
	Title = {Experimentalphysik 1},
	Year = {2008}}

@book{Griffiths,
	Author = {Griffiths, David J.},
	Edition = {3rd edition},
	Publisher = {Prentice Hall},
	Title = {Introduction to Electrodynamics},
	Year = {1999}}

@book{Demtroeder-Exp2,
	Author = {Demtröder, Wolfgang},
	Date-Added = {2012-09-05 18:25:00 +0000},
	Date-Modified = {2012-09-05 18:25:00 +0000},
	Edition = {5. Ausgabe},
	Keywords = {Experimentalphysik},
	Publisher = {Springer},
	Title = {Experimentalphysik 2},
	Year = {2009}}
@book{Demtroeder-Exp4,
	Author = {Demtröder, Wolfgang},
	Date-Added = {2012-09-05 18:25:00 +0000},
	Date-Modified = {2012-09-05 18:25:00 +0000},
	Edition = {3. Auflage},
	Keywords = {Experimentalphysik},
	Publisher = {Springer},
	Title = {Experimentalphysik 4 - Kern-, Teilchen- und Astrophysik},
	Year = {2010}}

@misc{LP-Kreiselpraezession,
	Author = {Mira Prior and Jörn Grosse-Knetter},
	Date-Added = {2012-07-12 23:51:00 +0000},
	Date-Modified = {2012-07-12 23:51:00 +0000},
	Keywords = {Kreisel},
	Title = {LP - Kreiselpräzession},
	Url = {http://lp.uni-goettingen.de/get/text/3637},
	Urldate = {2012-07-12},
	Bdsk-Url-1 = {http://lp.uni-goettingen.de/get/text/3637}}


@misc{LP-Potenzialwaage,
	Author = {Mira Prior and Peter Schaaf},
	Date-Added = {2012-09-17 13:37:00 +0000},
	Date-Modified = {2012-09-17 13:37:00 +0000},
	Keywords = {},
	Title = {LP - Die Potenzialwaage},
	Url = {http://lp.uni-goettingen.de/get/text/3664},
	Urldate = {2012-09-17},
	Bdsk-Url-1 = {http://lp.uni-goettingen.de/get/text/3664}}

@misc{LP-Messung-Großer-Widerstände,
	Author = {Mira Prior and Jörn Grosse-Knetter and Peter Schaaf},
	Date-Added = {2012-09-17 13:37:00 +0000},
	Date-Modified = {2012-09-17 13:37:00 +0000},
	Keywords = {},
	Title = {LP - Messung großer Widerstände},
	Url = {http://lp.uni-goettingen.de/get/text/4070},
	Urldate = {2012-09-17},
	Bdsk-Url-1 = {http://lp.uni-goettingen.de/get/text/4070}}
@book{kirchhoff1891vorlesungen,
  title={Vorlesungen {\"u}ber Electricit{\"a}t und Magnetismus},
  author={Kirchhoff, G. and Planck, M.},
  lccn={03012006},
  series={Vorlesungen {\"u}ber mathematische Physik},
  year={1891},
  publisher={B. G. Teubner}
}
@misc{LP-spezifische-Elektronenladung,
	Author = {Mira Prior and Jörn Grosse-Knetter and Peter Schaaf},
	Date-Added = {2012-09-17 13:37:00 +0000},
	Date-Modified = {2012-09-17 13:37:00 +0000},
	Keywords = {},
	Title = {LP - Die spezifische Elektronenladung},
	Url = {http://lp.uni-goettingen.de/get/text/4081},
	Urldate = {2012-09-17},
	Bdsk-Url-1 = {http://lp.uni-goettingen.de/get/text/4081}}

@misc{LP-Magnetfeld-von-Spulen,
	Author = {Mira Prior and Jörn Grosse-Knetter and Peter Schaaf},
	Date-Added = {2012-09-17 13:37:00 +0000},
	Date-Modified = {2012-09-17 13:37:00 +0000},
	Keywords = {},
	Title = {LP - Magnetfeld von Spulen},
	Url = {http://lp.uni-goettingen.de/get/text/4087},
	Urldate = {2012-09-17},
	Bdsk-Url-1 = {http://lp.uni-goettingen.de/get/text/4087}}

@misc{LP-Wechselstromwiderstaende,
	Author = {Mira Prior and Jörn Grosse-Knetter and Peter Schaaf},
	Date-Added = {2012-09-17 13:37:00 +0000},
	Date-Modified = {2012-09-17 13:37:00 +0000},
	Keywords = {},
	Title = {LP - Wechselstromwiderstände},
	Url = {http://lp.uni-goettingen.de/get/text/4165},
	Urldate = {2012-09-17},
	Bdsk-Url-1 = {http://lp.uni-goettingen.de/get/text/4165}}

@misc{LP-Dia-und-Paramagnetismus,
	Author = {Mira Prior and Jörn Grosse-Knetter},
	Date-Added = {2012-09-17 13:37:00 +0000},
	Date-Modified = {2012-09-17 13:37:00 +0000},
	Keywords = {},
	Title = {LP - Dia- und Paramagnetismus},
	Url = {http://lp.uni-goettingen.de/get/text/6217},
	Urldate = {2012-09-17},
	Bdsk-Url-1 = {http://lp.uni-goettingen.de/get/text/4205}}

@misc{LP-Transformator,
	Author = {Mira Prior and Jörn Grosse-Knetter},
	Date-Added = {2012-09-17 13:37:00 +0000},
	Date-Modified = {2012-09-17 13:37:00 +0000},
	Keywords = {},
	Title = {LP - Der Transformator},
	Url = {http://lp.uni-goettingen.de/get/text/4245},
	Urldate = {2012-09-17},
	Bdsk-Url-1 = {http://lp.uni-goettingen.de/get/text/4245}}

@misc{LP-Transistor,
	Author = {Mira Prior and Jörn Grosse-Knetter},
	Date-Added = {2012-09-17 13:37:00 +0000},
	Date-Modified = {2012-09-17 13:37:00 +0000},
	Keywords = {},
	Title = {LP - Der Transistor},
	Url = {http://lp.uni-goettingen.de/get/text/4274},
	Urldate = {2012-09-17},
	Bdsk-Url-1 = {http://lp.uni-goettingen.de/get/text/4274}}

@misc{LP-Spektrometer,
	Author = {Mira Prior and Peter Schaaf and Jörn Grosse-Knetter},
	Date-Added = {2012-02-27 13:37:00 +0000},
	Date-Modified = {2012-02-27 13:37:00 +0000},
	Keywords = {Optik},
	Title = {LP - Das Prismen- und Gitterspektrometer},
	Url = {http://lp.uni-goettingen.de/get/text/4318},
	Urldate = {2013-02-27},
	Bdsk-Url-1 = {http://lp.uni-goettingen.de/get/text/4318}}

@misc{LP-FresnelPolarisation,
	Author = {Mira Prior and Peter Schaaf and Jörn Grosse-Knetter},
	Date-Added = {2012-02-27 13:37:00 +0000},
	Date-Modified = {2012-02-27 13:37:00 +0000},
	Keywords = {Optik},
	Title = {LP - Fresnelsche Formeln und Polarisation},
	Url = {http://lp.uni-goettingen.de/get/text/4330},
	Urldate = {2013-02-27},
	Bdsk-Url-1 = {http://lp.uni-goettingen.de/get/text/4330}}


@misc{LP-Laser,
	Author = {Mira Prior and Peter Schaaf and Jörn Grosse-Knetter},
	Date-Added = {2012-02-27 13:37:00 +0000},
	Date-Modified = {2012-02-27 13:37:00 +0000},
	Keywords = {Optik},
	Title = {LP - Beugung und Interferenz von Laserlicht},
	Url = {http://lp.uni-goettingen.de/get/text/4346},
	Urldate = {2013-02-27},
	Bdsk-Url-1 = {http://lp.uni-goettingen.de/get/text/4346}}

@misc{LP-FranckHertz,
	Author = {Mira Prior and Peter Schaaf and Jörn Grosse-Knetter},
	Date-Added = {2012-02-27 13:37:00 +0000},
	Date-Modified = {2012-02-27 13:37:00 +0000},
	Keywords = {Optik},
	Title = {LP - Der Franck-Hertz-Versuch},
	Url = {http://lp.uni-goettingen.de/get/text/4371},
	Urldate = {2013-02-27},
	Bdsk-Url-1 = {http://lp.uni-goettingen.de/get/text/4371}}

@misc{LP-Roentgenstrahlung,
	Author = {Mira Prior and Peter Schaaf and Jörn Grosse-Knetter},
	Date-Added = {2012-02-27 13:37:00 +0000},
	Date-Modified = {2012-02-27 13:37:00 +0000},
	Keywords = {Optik},
	Title = {LP - Röntgenstrahlung},
	Url = {http://lp.uni-goettingen.de/get/text/4385},
	Urldate = {2013-02-27},
	Bdsk-Url-1 = {http://lp.uni-goettingen.de/get/text/4385}}

@misc{LP-Radioaktivitaet,
	Author = {Mira Prior and Peter Schaaf and Jörn Grosse-Knetter},
	Date-Added = {2012-02-27 13:37:00 +0000},
	Date-Modified = {2012-02-27 13:37:00 +0000},
	Keywords = {Optik},
	Title = {LP - Radioaktivität},
	Url = {http://lp.uni-goettingen.de/get/text/4433},
	Urldate = {2013-02-27},
	Bdsk-Url-1 = {http://lp.uni-goettingen.de/get/text/4433}}

@misc{LP-SpezifischeWaerme,
	Author = {Mira Prior and Peter Schaaf and Jörn Grosse-Knetter},
	Date-Added = {2012-02-27 13:37:00 +0000},
	Date-Modified = {2012-02-27 13:37:00 +0000},
	Keywords = {Optik},
	Title = {LP - Die spezifische Wärme},
	Url = {http://lp.uni-goettingen.de/get/text/4436},
	Urldate = {2013-02-27},
	Bdsk-Url-1 = {http://lp.uni-goettingen.de/get/text/4436}}

@misc{LP-Mikroskop,
	Author = {Mira Prior and Peter Schaaf and Jörn Grosse-Knetter},
	Date-Added = {2012-02-27 13:37:00 +0000},
	Date-Modified = {2012-02-27 13:37:00 +0000},
	Keywords = {Optik},
	Title = {LP - Das Mikroskop},
	Url = {http://lp.uni-goettingen.de/get/text/4277},
	Urldate = {2013-02-27},
	Bdsk-Url-1 = {http://lp.uni-goettingen.de/get/text/4277}}

@misc{LP-Fresnel,
	Author = {Mira Prior},
	Date-Added = {2012-04-01 13:37:00 +0000},
	Date-Modified = {2012-04-01 13:37:00 +0000},
	Keywords = {Optik},
	Title = {LP - Die Fresnelschen Formeln},
	Url = {http://lp.uni-goettingen.de/get/text/5653},
	Urldate = {2013-04-01},
	Bdsk-Url-1 = {http://lp.uni-goettingen.de/get/text/5653}}

@misc{noch-mehr-davon,
	Author = {Nils Kanning and Steffen Klemer},
	Keywords = {Vorgaenger noch mehr davon},
	Title = {Noch Mehr Davon - Versuch 28: Röntgenstrahlung},
	Url = {http://www.noch-mehr-davon.de/data/aprak/28_roentgen.pdf},
	Urldate = {2013-03-14}}

@misc{2N3055,
  Author = { {ON Semiconductor} },
  Date-Added = {2012-10-03 13:02:00 +0000},
  Date-Modified = {2012-10-03 13:02:00 +0000},
  Keywords = {},
  Title = {2N3055: 15 A, 60 V NPN Bipolar Power Transistor},
  Url = {http://www.onsemi.com/PowerSolutions/product.do?id=2N3055},
  Urldate = {2012-10-03},
  Bdsk-Url-1 = {http://www.onsemi.com/PowerSolutions/product.do?id=2N3055}}

@book{Anleitung,
	Author = {J{\"o}rn Grosse-Knetter and Peter Schaaf},
	Date-Added = {2012-05-23 16:44:00 +0000},
	Date-Modified = {2012-05-23 16:44:00 +0000},
	Keywords = {Anleitung Praktikum 2012},
	Publisher = {Universit{\"a}tsverlag G{\"o}ttingen},
	Title = {Das Physikalische Praktikum : Handbuch 2012 f{\"u}r Studentinnen und Studenten der Physik},
	Year = {2012}}

  @book{Paus,
	Author = {Paus, Hans J.},
	Date-Added = {2012-07-11 09:53:00 +0000},
	Date-Modified = {2012-07-11 09:53:00 +0000},
	Edition = {3. Ausgabe},
	Keywords = {Paus },
	Publisher = {Hanser},
	Title = {Physik in Experimenten und Beispielen},
	Year = {2007},
	Bdsk-File-1 = {YnBsaXN0MDDUAQIDBAUIJidUJHRvcFgkb2JqZWN0c1gkdmVyc2lvblkkYXJjaGl2ZXLRBgdUcm9vdIABqAkKFRYXGyIjVSRudWxs0wsMDQ4RFFpOUy5vYmplY3RzV05TLmtleXNWJGNsYXNzog8QgASABqISE4ACgAOAB1lhbGlhc0RhdGFccmVsYXRpdmVQYXRo0hgNGRpXTlMuZGF0YU8RAYoAAAAAAYoAAgAAA1NTRAAAAAAAAAAAAAAAAAAAAAAAAAAAAAAAAMpcy/VIKwAAAASKgRNHZXJ0aHNlbiBQaHlzaWsucGRmAAAAAAAAAAAAAAAAAAAAAAAAAAAAAAAAAAAAAAAAAAAAAAAAAAAAAAAAAAADDlwKwih8dAAAAAAAAAAAAAQAAgAACSAAAAAAAAAAAAAAAAAAAAAGQp9jaGVyABAACAAAylyv1QAAABEACAAAwihuZAAAAAEAEAAEioEABEqYAARKlwAAvuIAAgA5U1NEOlVzZXJzOgBuaWtsYXM6AERvY3VtZW50czoAQp9jaGVyOgBHZXJ0aHNlbiBQaHlzaWsucGRmAAAOACgAEwBHAGUAcgB0AGgAcwBlAG4AIABQAGgAeQBzAGkAawAuAHAAZABmAA8ACAADAFMAUwBEABIAM1VzZXJzL25pa2xhcy9Eb2N1bWVudHMvQnXMiGNoZXIvR2VydGhzZW4gUGh5c2lrLnBkZgAAEwABLwAAFQACAA3//wAAgAXSHB0eH1gkY2xhc3Nlc1okY2xhc3NuYW1lox8gIV1OU011dGFibGVEYXRhVk5TRGF0YVhOU09iamVjdG8QJwAuAC4ALwAuAC4ALwAuAC4ALwAuAC4ALwBCAHUDCABjAGgAZQByAC8ARwBlAHIAdABoAHMAZQBuACAAUABoAHkAcwBpAGsALgBwAGQAZtIcHSQloiUhXE5TRGljdGlvbmFyeRIAAYagXxAPTlNLZXllZEFyY2hpdmVyAAgAEQAWAB8AKAAyADUAOgA8AEUASwBSAF0AZQBsAG8AcQBzAHYAeAB6AHwAhgCTAJgAoAIuAjACNQI+AkkCTQJbAmICawK8AsECxALRAtYAAAAAAAACAQAAAAAAAAAoAAAAAAAAAAAAAAAAAAAC6A==}}

@book{Gerthsen,
	Author = {Meschede, Dieter},
	Date-Added = {2012-05-03 21:14:22 +0000},
	Date-Modified = {2012-05-11 17:58:04 +0000},
	Edition = {23. Ausgabe},
	Keywords = {Gerthsen Physik},
  Publisher = {Springer},
	Title = {Gerthsen Physik},
	Year = {2006},
	Bdsk-File-1 = {YnBsaXN0MDDUAQIDBAUIJidUJHRvcFgkb2JqZWN0c1gkdmVyc2lvblkkYXJjaGl2ZXLRBgdUcm9vdIABqAkKFRYXGyIjVSRudWxs0wsMDQ4RFFpOUy5vYmplY3RzV05TLmtleXNWJGNsYXNzog8QgASABqISE4ACgAOAB1lhbGlhc0RhdGFccmVsYXRpdmVQYXRo0hgNGRpXTlMuZGF0YU8RAYoAAAAAAYoAAgAAA1NTRAAAAAAAAAAAAAAAAAAAAAAAAAAAAAAAAMpcy/VIKwAAAASKgRNHZXJ0aHNlbiBQaHlzaWsucGRmAAAAAAAAAAAAAAAAAAAAAAAAAAAAAAAAAAAAAAAAAAAAAAAAAAAAAAAAAAADDlwKwih8dAAAAAAAAAAAAAQAAgAACSAAAAAAAAAAAAAAAAAAAAAGQp9jaGVyABAACAAAylyv1QAAABEACAAAwihuZAAAAAEAEAAEioEABEqYAARKlwAAvuIAAgA5U1NEOlVzZXJzOgBuaWtsYXM6AERvY3VtZW50czoAQp9jaGVyOgBHZXJ0aHNlbiBQaHlzaWsucGRmAAAOACgAEwBHAGUAcgB0AGgAcwBlAG4AIABQAGgAeQBzAGkAawAuAHAAZABmAA8ACAADAFMAUwBEABIAM1VzZXJzL25pa2xhcy9Eb2N1bWVudHMvQnXMiGNoZXIvR2VydGhzZW4gUGh5c2lrLnBkZgAAEwABLwAAFQACAA3//wAAgAXSHB0eH1gkY2xhc3Nlc1okY2xhc3NuYW1lox8gIV1OU011dGFibGVEYXRhVk5TRGF0YVhOU09iamVjdG8QJwAuAC4ALwAuAC4ALwAuAC4ALwAuAC4ALwBCAHUDCABjAGgAZQByAC8ARwBlAHIAdABoAHMAZQBuACAAUABoAHkAcwBpAGsALgBwAGQAZtIcHSQloiUhXE5TRGljdGlvbmFyeRIAAYagXxAPTlNLZXllZEFyY2hpdmVyAAgAEQAWAB8AKAAyADUAOgA8AEUASwBSAF0AZQBsAG8AcQBzAHYAeAB6AHwAhgCTAJgAoAIuAjACNQI+AkkCTQJbAmICawK8AsECxALRAtYAAAAAAAACAQAAAAAAAAAoAAAAAAAAAAAAAAAAAAAC6A==}}

@book{Rubber,
	Date-Added = {2012-05-03 21:08:56 +0000},
	Date-Modified = {2012-05-06 16:15:44 +0000},
	Edition = {90. Ausgabe},
	Editor = {Lide, David P.},
	Keywords = {CRC},
	Publisher = {CRC},
	Title = {CRC Handbook of Chemistry and Physics},
	Year = {2010},
	Bdsk-File-1 = {YnBsaXN0MDDUAQIDBAUIJidUJHRvcFgkb2JqZWN0c1gkdmVyc2lvblkkYXJjaGl2ZXLRBgdUcm9vdIABqAkKFRYXGyIjVSRudWxs0wsMDQ4RFFpOUy5vYmplY3RzV05TLmtleXNWJGNsYXNzog8QgASABqISE4ACgAOAB1lhbGlhc0RhdGFccmVsYXRpdmVQYXRo0hgNGRpXTlMuZGF0YU8RAVQAAAAAAVQAAgAAA1NTRAAAAAAAAAAAAAAAAAAAAAAAAAAAAAAAAMpcy/VIKwAAAARK4QpSdWJiZXIucGRmAAAAAAAAAAAAAAAAAAAAAAAAAAAAAAAAAAAAAAAAAAAAAAAAAAAAAAAAAAAAAAAAAAAAAAADUgGvy8v3PgAAAAAAAAAAAAUAAgAACSAAAAAAAAAAAAAAAAAAAAAJRG93bmxvYWRzAAAQAAgAAMpcr9UAAAARAAgAAMvL2x4AAAABAAwABErhAARKlwAAvuIAAgAoU1NEOlVzZXJzOgBuaWtsYXM6AERvd25sb2FkczoAUnViYmVyLnBkZgAOABYACgBSAHUAYgBiAGUAcgAuAHAAZABmAA8ACAADAFMAUwBEABIAIVVzZXJzL25pa2xhcy9Eb3dubG9hZHMvUnViYmVyLnBkZgAAEwABLwAAFQACAA3//wAAgAXSHB0eH1gkY2xhc3Nlc1okY2xhc3NuYW1lox8gIV1OU011dGFibGVEYXRhVk5TRGF0YVhOU09iamVjdF8QIy4uLy4uLy4uLy4uLy4uL0Rvd25sb2Fkcy9SdWJiZXIucGRm0hwdJCWiJSFcTlNEaWN0aW9uYXJ5EgABhqBfEA9OU0tleWVkQXJjaGl2ZXIACAARABYAHwAoADIANQA6ADwARQBLAFIAXQBlAGwAbwBxAHMAdgB4AHoAfACGAJMAmACgAfgB+gH/AggCEwIXAiUCLAI1AlsCYAJjAnACdQAAAAAAAAIBAAAAAAAAACgAAAAAAAAAAAAAAAAAAAKH}}

@book{Feynman-I,
	Edition = {The New Millennium Edition},
	Author = {Feynman, Richard P. and Leighton, Robert B. and Sands, Matthew },
	Publisher = {Basic Books},
	Keywords = {Feynman Mechanics Radiation Heat Lectures},
	Title = {The Feynman Lectures on Physics - Volume I: Mainly Mechanics, Radiation, and Heat},
	Year = {2011}}

@article{Neon,
  author = {E. B. Saloman and C. J. Sansonetti},
  title = {Wavelengths, Energy Level Classifications, and Energy Levels for the Spectrum of Neutral Neon},
  journal = {J. Phys. Chem. Ref. Data},
  volume = {33},
  pages = {1113–1158},
  year = {2004},
  doi = {10.1063/1.1797771}}
@book{Roentgenbeugung,
  edition = {2., überarb. u. erw. Aufl. 2009},
  author = {Gerd Teichert and Lothar Spie\ss and Herfried Behnken and Christoph Genzel and Robert Schwarzer},
  title = {Moderne Röntgenbeugung - Röntgendiffraktometrie für Materialwissenschaftler, Physiker und Chemiker},
  publisher = {Springer},
  year = {2009}}
@book{HechtOptics,
  edition = {4th Edition},
  publisher = {Addison Wesley},
  title = {{Optics}},
  author = {Hecht, Eugene},
  year = {2002}
}

